@book{book:sample,
	author    = {Ahmad Surahmad and Bedu Pian Sebedu},
	year      = {2020},
	month     = {Januari},
	pages     = {},
	title     = {Buku Test},
	isbn      = {999-9-999-99999-9},
	journal   = {Judul Jurnal},
	doi       = {99.9999/9-999-99999-9},
	publisher = {Universitas Antah Berantah},
	address   = {Depak}
}

@manual{latex:intro,
	author = {Jeff Clark},
	year   = {2010},
	month  = {Januari},
	date   = {26},
	title  = {Introduction to \latex},
	url    = {http://frodo.elon.edu/tutorial/tutorial/node3.html},
	lastchecked = {2020-09-12}
}

@misc{latex:source_code_listings,
	author      = {Wikibooks},
	title       = {LaTeX/Source Code Listings},
	year        = {2020},
	month       = {Juni},
	date        = {25},
	url         = {https://en.wikibooks.org/wiki/LaTeX/Source_Code_Listings},
	lastchecked = {2020-09-12}
}

@techreport{cisco-2020,
	month = {1},
	title = {{Cisco Annual Internet Report (2018â€“2023) White Paper}},
	year = {2022},
	url = {https://www.cisco.com/c/en/us/solutions/collateral/executive-perspectives/annual-internet-report/white-paper-c11-741490.html},
}

@techreport{andrew-2023,
        author      = {Andrew},
	month = {1},
	title = {ANALISIS PERFORMA WEB SERVICE DALAM GEO-DISTRIBUTED KUBERNETES CLUSTER},
	year = {2023},
}

@article{xie-2020,
	author = {Xie, Xiaojing and Govardhan, Shyam},
	journal = {Cluster Computing and the Grid},
	month = {5},
	title = {{A Service Mesh-Based Load Balancing and Task Scheduling System for Deep Learning Applications}},
	year = {2020},
	doi = {10.1109/ccgrid49817.2020.00009},
}

@misc{google-mci-2023,
        author = {Google},
	title = {{Multi Cluster Ingress}},
        year = {2023},
        month = {3},
	url = {https://cloud.google.com/kubernetes-engine/docs/concepts/multi-cluster-ingress},
}

@misc{google-asm-2023,
        author = {Google},
	title = {{About Anthos Service Mesh}},
        year = {2023},
        month = {3},
	url = {https://cloud.google.com/service-mesh/docs/overview},
}


@article{yu-2019,
	author = {Yu, Jiujiu},
	journal = {Journal of physics},
	month = {3},
	publisher = {IOP Publishing},
	title = {{Exploration on Web Testing of Website}},
	year = {2019},
	doi = {10.1088/1742-6596/1176/2/022042},
	url = {https://doi.org/10.1088/1742-6596/1176/2/022042},
}

@article{rossi-2020,
	author = {Rossi, Fabiana Alejandra and Cardellini, Valeria and Lo Presti, Francesco and Nardelli, Matteo},
	journal = {Computer Communications},
	month = {6},
	pages = {161--174},
	publisher = {Elsevier BV},
	title = {{Geo-distributed efficient deployment of containers with Kubernetes}},
	volume = {159},
	year = {2020},
	doi = {10.1016/j.comcom.2020.04.061},
	url = {https://doi.org/10.1016/j.comcom.2020.04.061},
}


@inproceedings{taft-2020,
	author = {Taft, Rebecca and Sharif, Irfan and Matei, Andrei and VanBenschoten, Nathan and Lewis, Jordan and Grieger, Tobias and Niemi, Kai and Woods, Andy T. and Birzin, Anne and Poss, Raphael and Bardea, Paul and Ranade, Amruta A. and Darnell, Ben and Gruneir, Bram and Jaffray, Justin and Zhang, Lucy T. and Mattis, Peter L.},
	month = {5},
	title = {{CockroachDB: The Resilient Geo-Distributed SQL Database}},
	year = {2020},
	doi = {10.1145/3318464.3386134},
	url = {https://doi.org/10.1145/3318464.3386134},
}

@article{bhalerao-2019,
	author = {Bhalerao, Diksha M. and Ingle, Dayanand},
	journal = {Social Science Research Network},
	month = {1},
	publisher = {RELX Group (Netherlands)},
	title = {{Novel Technique for Atomic Web Services Reliability for Service Oriented Architecture}},
	year = {2019},
	doi = {10.2139/ssrn.3372226},
	url = {https://doi.org/10.2139/ssrn.3372226},
}

@inproceedings{jeffery-2021,
	author = {Jeffery, Andrew and Howard, Heidi Carmen and Mortier, Richard},
	month = {4},
	title = {{Rearchitecting Kubernetes for the Edge}},
	year = {2021},
	doi = {10.1145/3434770.3459730},
	url = {https://doi.org/10.1145/3434770.3459730},
}